@article{Abbink2012,
author = {Abbink, Klaus and Dasgupta, Utteeyo and Gangadharan, Lata and Jain, Tarun},
doi = {10.2139/ssrn.2166221},
file = {:Users/user/Library/Application Support/Mendeley Desktop/Downloaded/Abbink et al. - 2012 - Letting the Briber Go Free An Experiment on Mitigating Harassment Bribes.pdf:pdf},
issn = {1556-5068},
journal = {SSRN Electronic Journal},
keywords = {asymmetric penalty,c91,experiment,harassment bribes,jel classification,k42,retaliation},
title = {{Letting the Briber Go Free: An Experiment on Mitigating Harassment Bribes}},
url = {http://www.ssrn.com/abstract=2166221},
year = {2012}
}
@article{Barros1995,
author = {Barros, F.},
file = {:Users/user/Library/Application Support/Mendeley Desktop/Downloaded/Barros - 1995 - Incentive schemes as strategic variables An application to a mixed duopoly.pdf:pdf},
journal = {International Journal of Industrial Organization},
keywords = {asymmetric information,d82,have b e e,i,i n t r,implications of incentive contracts,j e l classification,l13,l32,mixed oligopoly,n investigated in,o d u c,strategic contracts,t h e strategic,t i o n},
number = {3},
pages = {373--386},
publisher = {Elsevier},
title = {{Incentive schemes as strategic variables: An application to a mixed duopoly}},
url = {http://linkinghub.elsevier.com/retrieve/pii/016771879400461A},
volume = {13},
year = {1995}
}
@article{Basu2011,
author = {Basu, K},
file = {:Users/user/Library/Application Support/Mendeley Desktop/Downloaded/Basu - 2011 - Why, for a Class of Bribes, the Act of Giving a Bribe should be Treated as Legal.pdf:pdf},
journal = {India Ministry of Finance Report},
number = {March},
pages = {0--13},
title = {{Why, for a Class of Bribes, the Act of Giving a Bribe should be Treated as Legal}},
url = {http://www.mof.gov.in/WorkingPaper/Act\_Giving\_Bribe\_Legal.pdf},
year = {2011}
}
@article{CAI2006,
author = {CAI, D. and LI, JIE},
file = {:Users/user/Library/Application Support/Mendeley Desktop/Downloaded/CAI, LI - 2006 - Causes, effects, and prevention of agent corruption in Chinese SOEs.pdf:pdf},
journal = {Economic Research},
keywords = {agent corruption,information asymmetry,soes,state-owned enterprises,transitional economy},
number = {February},
title = {{Causes, effects, and prevention of agent corruption in Chinese SOEs}},
url = {http://ir.nul.nagoya-u.ac.jp/jspui/handle/2237/11918},
year = {2006}
}
@article{Calvo-Armengol2004,
author = {Calv\'{o}-Armengol, A. and Zenou, Y.},
file = {:Users/user/Library/Application Support/Mendeley Desktop/Downloaded/Calv\'{o}-Armengol, Zenou - 2004 - Social Networks and Crime Decisions.pdf:pdf},
journal = {International Economic Review},
number = {3},
pages = {939--958},
publisher = {Wiley Online Library},
title = {{Social Networks and Crime Decisions}},
url = {http://onlinelibrary.wiley.com/doi/10.1111/j.0020-6598.2004.00292.x/full},
volume = {45},
year = {2004}
}
@article{Cremer1989,
author = {Cremer, Helmuth and Marchand, Maurice and Thisse, J.F.},
file = {:Users/user/Library/Application Support/Mendeley Desktop/Downloaded/Cremer, Marchand, Thisse - 1989 - The Public Firm as an Instrument for Regulating an Oligopolistic Market.pdf:pdf},
journal = {Oxford Economic Papers},
number = {2},
pages = {283--301},
publisher = {JSTOR},
title = {{The Public Firm as an Instrument for Regulating an Oligopolistic Market}},
url = {http://www.jstor.org/stable/2663329},
volume = {41},
year = {1989}
}
@article{DeDonder2009,
author = {{De Donder}, Philippe and Roemer, John E.},
doi = {10.1016/j.ijindorg.2008.11.003},
file = {:Users/user/Library/Application Support/Mendeley Desktop/Downloaded/De Donder, Roemer - 2009 - Mixed oligopoly equilibria when firms' objectives are endogenous.pdf:pdf},
issn = {01677187},
journal = {International Journal of Industrial Organization},
month = may,
number = {3},
pages = {414--423},
title = {{Mixed oligopoly equilibria when firms' objectives are endogenous}},
url = {http://linkinghub.elsevier.com/retrieve/pii/S0167718708001203},
volume = {27},
year = {2009}
}
@article{Dufwenberg2013,
author = {Dufwenberg, Martin and Spagnolo, Giancarlo},
file = {:Users/user/Library/Application Support/Mendeley Desktop/Downloaded/Dufwenberg, Spagnolo - 2013 - Stockholm Institute of Transition Economics Legalizing Bribe Giving.pdf:pdf},
number = {13},
title = {{Stockholm Institute of Transition Economics Legalizing Bribe Giving}},
year = {2013}
}
@article{Engel2012,
author = {Engel, Christoph and Goerg, S and Yu, G},
file = {:Users/user/Library/Application Support/Mendeley Desktop/Downloaded/Engel, Goerg, Yu - 2012 - Symmetric vs. asymmetric punishment regimes for bribery.pdf:pdf},
journal = {MPI Collective Goods Preprint},
title = {{Symmetric vs. asymmetric punishment regimes for bribery}},
url = {http://papers.ssrn.com/sol3/papers.cfm?abstract\_id=1983969},
year = {2012}
}
@article{Estrin1995,
author = {Estrin, S},
doi = {10.1016/0047-2727(95)80007-V},
file = {:Users/user/Library/Application Support/Mendeley Desktop/Downloaded/Estrin - 1995 - Unnatural monopoly.pdf:pdf},
issn = {00472727},
journal = {Journal of Public Economics},
keywords = {firm committed,is that a public,monopoly as a means,of preventing},
month = jul,
number = {3},
pages = {471--488},
title = {{Unnatural monopoly}},
url = {http://linkinghub.elsevier.com/retrieve/pii/004727279580007V},
volume = {57},
year = {1995}
}
@article{Fraja1990,
author = {Fraja, G. and Delbono, F.},
file = {:Users/user/Library/Application Support/Mendeley Desktop/Downloaded/Fraja, Delbono - 1990 - Game theoretic models of mixed oligopoly.pdf:pdf},
journal = {Journal of Economic Surveys},
number = {1},
pages = {1--17},
publisher = {Wiley Online Library},
title = {{Game theoretic models of mixed oligopoly}},
url = {http://onlinelibrary.wiley.com/doi/10.1111/j.1467-6419.1990.tb00077.x/abstract},
volume = {4},
year = {1990}
}
@article{Fraja2009,
author = {Fraja, G.D. and Valbonesi, P.},
file = {:Users/user/Library/Application Support/Mendeley Desktop/Downloaded/Fraja, Valbonesi - 2009 - Mixed Oligopoly Old and New.pdf:pdf},
journal = {Discussion Papers in Economics},
number = {09},
publisher = {Department of Economics, University of Leicester},
title = {{Mixed Oligopoly: Old and New}},
url = {http://econpapers.repec.org/paper/lecleecon/09\_2f20.htm},
year = {2009}
}
@book{Haufler2007,
author = {Haufler, A. and Wooton, Ian},
file = {:Users/user/Library/Application Support/Mendeley Desktop/Downloaded/Haufler, Wooton - 2007 - COMPETITION FOR FIRMS IN AN OLIGOPOLISTIC INDUSTRY DO FIRMS OR COUNTRIES HAVE TO PAY.pdf:pdf},
publisher = {April},
title = {{COMPETITION FOR FIRMS IN AN OLIGOPOLISTIC INDUSTRY: DO FIRMS OR COUNTRIES HAVE TO PAY?}},
url = {http://papers.ssrn.com/sol3/papers.cfm?abstract\_id=985280},
year = {2007}
}
@article{Heywood2009,
author = {Heywood, John S. and Ye, Guangliang},
doi = {10.1016/j.regsciurbeco.2009.03.004},
file = {:Users/user/Library/Application Support/Mendeley Desktop/Downloaded/Heywood, Ye - 2009 - Mixed oligopoly and spatial price discrimination with foreign firms.pdf:pdf},
issn = {01660462},
journal = {Regional Science and Urban Economics},
month = sep,
number = {5},
pages = {592--601},
publisher = {Elsevier B.V.},
title = {{Mixed oligopoly and spatial price discrimination with foreign firms}},
url = {http://linkinghub.elsevier.com/retrieve/pii/S0166046209000337},
volume = {39},
year = {2009}
}
@article{Jensen1976,
author = {Jensen, M.C. and Meckling, W.H.},
file = {:Users/user/Library/Application Support/Mendeley Desktop/Downloaded/Jensen, Meckling - 1976 - Theory of the Firm Managerial Behavior, Agency Costs and Ownership Structure.pdf:pdf},
journal = {Journal of financial economics},
keywords = {agency costs and theory,capital,completeness of markets,conflicts of interest,demand for security analysis,internal control systems,internal equity,limited liability,outside equity,structure,supply of claims},
number = {4},
pages = {305--360},
publisher = {Elsevier},
title = {{Theory of the Firm: Managerial Behavior, Agency Costs and Ownership Structure}},
url = {http://linkinghub.elsevier.com/retrieve/pii/0304405X7690026X},
volume = {3},
year = {1976}
}
@article{Kalashnikov2011,
author = {Kalashnikov, Vyacheslav V. and Bulavsky, Vladimir a. and Kalashnykova, Nataliya I. and Castillo, Felipe J.},
doi = {10.1016/j.ejor.2010.10.036},
file = {:Users/user/Library/Application Support/Mendeley Desktop/Downloaded/Kalashnikov et al. - 2011 - Mixed oligopoly with consistent conjectures.pdf:pdf},
issn = {03772217},
journal = {European Journal of Operational Research},
month = may,
number = {3},
pages = {729--735},
title = {{Mixed oligopoly with consistent conjectures}},
url = {http://linkinghub.elsevier.com/retrieve/pii/S0377221710007381},
volume = {210},
year = {2011}
}
@article{Kato2007,
author = {Kato, K and Tomaru, Y},
doi = {10.1016/j.econlet.2007.01.017},
file = {:Users/user/Library/Application Support/Mendeley Desktop/Downloaded/Kato, Tomaru - 2007 - Mixed oligopoly, privatization, subsidization, and the order of firms' moves Several types of objectives.pdf:pdf},
issn = {01651765},
journal = {Economics Letters},
keywords = {jel classification,l13,l32,mixed oligopoly,privatization,subsidy},
month = aug,
number = {2},
pages = {287--292},
title = {{Mixed oligopoly, privatization, subsidization, and the order of firms' moves: Several types of objectives}},
url = {http://linkinghub.elsevier.com/retrieve/pii/S0165176507000250},
volume = {96},
year = {2007}
}
@article{Lambsdorff2007,
author = {Lambsdorff, J and Nell, M},
series = {CeGE Discussion Paper},
title = {{Fighting corruption with asymmetric penalties and leniency}},
url = {http://www.researchgate.net/publication/45122741\_Regional\_integration\_among\_developing\_countries\_\_opportunities\_obstacles\_and\_options/file/e0b49517e38e223ec0.pdf http://www.econstor.eu/handle/10419/32012},
year = {2007}
}
@article{Martimort2009,
author = {Martimort, David and Straub, St\'{e}phane},
doi = {10.1016/j.jdeveco.2008.08.002},
file = {:Users/user/Library/Application Support/Mendeley Desktop/Downloaded/Martimort, Straub - 2009 - Infrastructure privatization and changes in corruption patterns The roots of public discontent.pdf:pdf},
issn = {03043878},
journal = {Journal of Development Economics},
month = sep,
number = {1},
pages = {69--84},
title = {{Infrastructure privatization and changes in corruption patterns: The roots of public discontent}},
url = {http://linkinghub.elsevier.com/retrieve/pii/S0304387808000825},
volume = {90},
year = {2009}
}
@article{Matsumura1998,
author = {Matsumura, T},
doi = {10.1016/S0047-2727(98)00051-6},
file = {:Users/user/Library/Application Support/Mendeley Desktop/Downloaded/Matsumura - 1998 - Partial privatization in mixed duopoly.pdf:pdf},
issn = {00472727},
journal = {Journal of Public Economics},
keywords = {c72,h42,jel classification,l13,mixed oligopoly,partial privatization,quantity-setting duopoly},
month = dec,
number = {3},
pages = {473--483},
title = {{Partial privatization in mixed duopoly}},
url = {http://linkinghub.elsevier.com/retrieve/pii/S0047272798000516},
volume = {70},
year = {1998}
}
@article{Meunier2008,
author = {Meunier, G},
doi = {10.1016/j.rie.2008.04.001},
file = {:Users/user/Library/Application Support/Mendeley Desktop/Downloaded/Meunier - 2008 - Strategic commitment in a mixed oligopoly.pdf:pdf},
issn = {10909443},
journal = {Research in Economics},
keywords = {commitment,mixed oligopoly,regulation},
month = jun,
number = {2},
pages = {92--100},
title = {{Strategic commitment in a mixed oligopoly}},
url = {http://linkinghub.elsevier.com/retrieve/pii/S1090944308000124},
volume = {62},
year = {2008}
}
@article{Oak2013,
author = {Oak, M},
file = {:Users/user/Library/Application Support/Mendeley Desktop/Downloaded/Oak - 2013 - Legalization of Bribe Giving when Bribe Type is Endogenous.pdf:pdf},
isbn = {7887323495},
title = {{Legalization of Bribe Giving when Bribe Type is Endogenous}},
url = {http://www.economics.adelaide.edu.au/research/papers/doc/wp2013-06.pdf},
year = {2013}
}
@article{Overview2009,
author = {Overview, Mixed Oligopoly},
file = {:Users/user/Library/Application Support/Mendeley Desktop/Downloaded/Overview - 2009 - MIXED OLIGOPOLY READING LIST.pdf:pdf},
journal = {Regional Science and Urban Economics},
number = {1},
pages = {1--7},
title = {{MIXED OLIGOPOLY: READING LIST}},
volume = {9},
year = {2009}
}
@inproceedings{Pennerstorfer2009,
author = {Pennerstorfer, Dieter and Weiss, C.R.},
booktitle = {113th Seminar, September 3-6, 2009, Chania, Crete, Greece},
file = {:Users/user/Library/Application Support/Mendeley Desktop/Downloaded/Pennerstorfer, Weiss - 2009 - Product Quality in the Food Chain Do Cooperatives Offer High Quality Products.pdf:pdf},
keywords = {competition,cooperatives,food chain,product quality},
pages = {1--16},
publisher = {European Association of Agricultural Economists},
title = {{Product Quality in the Food Chain: Do Cooperatives Offer High Quality Products?}},
url = {http://ageconsearch.umn.edu/bitstream/58111/2/Pennerstorfer.pdf},
year = {2009}
}
@article{Sinitsyn2008,
author = {Sinitsyn, Maxim},
doi = {10.1016/j.econlet.2007.06.033},
file = {:Users/user/Library/Application Support/Mendeley Desktop/Downloaded/Sinitsyn - 2008 - Characterization of the support of the mixed strategy price equilibria in oligopolies with heterogeneous consumers.pdf:pdf},
issn = {01651765},
journal = {Economics Letters},
keywords = {d43,heterogeneous consumers,jel classification,l13,mixed equilibrium,price competition,price dispersion},
month = may,
number = {2},
pages = {242--245},
title = {{Characterization of the support of the mixed strategy price equilibria in oligopolies with heterogeneous consumers}},
url = {http://linkinghub.elsevier.com/retrieve/pii/S0165176507002595},
volume = {99},
year = {2008}
}
@article{Spengler2012,
author = {Spengler, Dominic},
file = {:Users/user/Library/Application Support/Mendeley Desktop/Downloaded/Spengler - 2012 - Endogenous Detection of Collaborative Crime the Case of Corruption.pdf:pdf},
keywords = {asymmetric penalties,corruption,endogenising,inspection game},
number = {1968},
pages = {1--15},
title = {{Endogenous Detection of Collaborative Crime : the Case of Corruption}},
year = {2012}
}
@article{Sun2005,
author = {Sun, Q and Zhang, a and Li, J},
doi = {10.1016/j.chieco.2004.06.009},
file = {:Users/user/Library/Application Support/Mendeley Desktop/Downloaded/Sun, Zhang, Li - 2005 - A study of optimal state shares in mixed oligopoly Implications for SOE reform and foreign competition.pdf:pdf},
issn = {1043951X},
journal = {China Economic Review},
keywords = {- see front matter,1 604 822 8420,1 604 822 9574,1043-951x,a,all rights reserved,anming,ca,corresponding author,d 2004 elsevier inc,e-mail address,employment burden,fax,sauder,soe reform,state shares,tel,transition economy,ubc,wto entry,zhang},
number = {1},
pages = {1--27},
title = {{A study of optimal state shares in mixed oligopoly: Implications for SOE reform and foreign competition}},
url = {http://linkinghub.elsevier.com/retrieve/pii/S1043951X04000410},
volume = {16},
year = {2005}
}
@article{Tasnadi2006,
author = {Tasn\'{a}di, Attila},
doi = {10.1016/j.ijindorg.2005.07.009},
file = {:Users/user/Library/Application Support/Mendeley Desktop/Downloaded/Tasn\'{a}di - 2006 - Price vs. quantity in oligopoly games.pdf:pdf},
issn = {01677187},
journal = {International Journal of Industrial Organization},
keywords = {bertrand-edgeworth,cournot,oligopoly},
month = may,
number = {3},
pages = {541--554},
title = {{Price vs. quantity in oligopoly games}},
url = {http://linkinghub.elsevier.com/retrieve/pii/S0167718705001074},
volume = {24},
year = {2006}
}
@misc{TheMendeleySupportTeam2011,
abstract = {A quick introduction to Mendeley. Learn how Mendeley creates your personal digital library, how to organize and annotate documents, how to collaborate and share with colleagues, and how to generate citations and bibliographies.},
address = {London},
author = {{The Mendeley Support Team}},
booktitle = {Mendeley Desktop},
file = {:Users/user/Library/Application Support/Mendeley Desktop/Downloaded/The Mendeley Support Team - 2011 - Getting Started with Mendeley.pdf:pdf},
keywords = {Mendeley,how-to,user manual},
pages = {1--16},
publisher = {Mendeley Ltd.},
title = {{Getting Started with Mendeley}},
url = {http://www.mendeley.com},
year = {2011}
}
@misc{TheMendeleySupportTeam2011a,
abstract = {A quick introduction to Mendeley. Learn how Mendeley creates your personal digital library, how to organize and annotate documents, how to collaborate and share with colleagues, and how to generate citations and bibliographies.},
address = {London},
author = {{The Mendeley Support Team}},
booktitle = {Mendeley Desktop},
file = {:Users/user/Library/Application Support/Mendeley Desktop/Downloaded/The Mendeley Support Team - 2011 - Getting Started with Mendeley.pdf:pdf},
keywords = {Mendeley,how-to,user manual},
pages = {1--16},
publisher = {Mendeley Ltd.},
title = {{Getting Started with Mendeley}},
url = {http://www.mendeley.com},
year = {2011}
}
@misc{White,
author = {White, Mark Douglas},
file = {:Users/user/Library/Application Support/Mendeley Desktop/Downloaded/White - Unknown - Mixed Oligopoly and Incentives.pdf:pdf},
title = {{Mixed Oligopoly and Incentives}}
}
