@article{Fama1965,
author = {Fama, EF},
file = {:Users/user/Desktop/LaTeX/4.1 Библиография/new/the\_behavior\_of\_stock\_market\_prices.pdf:pdf},
journal = {Journal of business},
number = {1},
pages = {34--105},
title = {{The Behavior of Stock-Market Prices}},
url = {http://www.jstor.org/stable/2350752},
volume = {38},
year = {1965}
}

